<record><leader>00000cas a22000007a 4500</leader><controlfield tag="001">32223521</controlfield><controlfield tag="008">950329d196919uuakuuu ne      0    0eng d</controlfield><datafield ind1=" " ind2=" " tag="010"><subfield code="a">sn 95060017 </subfield></datafield><datafield ind1=" " ind2=" " tag="040"><subfield code="a">ANE</subfield><subfield code="b">eng</subfield><subfield code="c">ANE</subfield><subfield code="d">OCLCQ</subfield></datafield><datafield ind1=" " ind2=" " tag="042"><subfield code="a">msc</subfield></datafield><datafield ind1="0" ind2="0" tag="245"><subfield code="a">Whittier rainbarrel.</subfield></datafield><datafield ind1="3" ind2="0" tag="246"><subfield code="a">Whittier rainbarrell</subfield></datafield><datafield ind1=" " ind2=" " tag="260"><subfield code="a">Whittier, Alaska :</subfield><subfield code="b">Whittier School</subfield></datafield><datafield ind1=" " ind2=" " tag="300"><subfield code="a">v.</subfield></datafield><datafield ind1="1" ind2=" " tag="362"><subfield code="a">Began in 1969?</subfield></datafield><datafield ind1=" " ind2=" " tag="588"><subfield code="a">Description based on: Vol. 4, no. 8 (Apr. 5, 1973).</subfield></datafield><datafield ind1=" " ind2=" " tag="752"><subfield code="a">United States</subfield><subfield code="b">Alaska</subfield><subfield code="d">Whittier.</subfield></datafield></record>